% 13819354 
@Article{pmid13819354,
	Author="EDMONDS, M.  and ABRAMS, R. ",
	Title="{{P}olynucleotide biosynthesis: formation of a sequence of adenylate units from adenosine triphosphate by an enzyme from thymus nuclei}",
	Journal="J. Biol. Chem.",
	Year="1960",
	Volume="235",
	Pages="1142--1149",
	Month="Apr"
}

% 5288383 
@Article{pmid5288383,
	Author="Edmonds, M.  and Vaughan, M. H.  and Nakazato, H. ",
	Title="{{P}olyadenylic acid sequences in the heterogeneous nuclear {R}{N}{A} and rapidly-labeled polyribosomal {R}{N}{A} of {H}e{L}a cells: possible evidence for a precursor relationship}",
	Journal="Proc. Natl. Acad. Sci. U.S.A.",
	Year="1971",
	Volume="68",
	Number="6",
	Pages="1336--1340",
	Month="Jun"
}

% 6111419 
@Article{pmid6111419,
	Author="Brawerman, G. ",
	Title="{{T}he {R}ole of the poly({A}) sequence in mammalian messenger {R}{N}{A}}",
	Journal="CRC Crit. Rev. Biochem.",
	Year="1981",
	Volume="10",
	Number="1",
	Pages="1--38"
}

% 23774734 
@Article{pmid23774734,
	Author="Elkon, R. and Ugalde, A. P. and Agami, R. ",
	Title="{{A}lternative cleavage and polyadenylation: extent, regulation and function}",
	Journal="Nat. Rev. Genet.",
	Year="2013",
	Volume="14",
	Number="7",
	Pages="496--506",
	Month="Jul"
}

% 18411206 
@Article{pmid18411206,
	Author="Shen, Y.  and Ji, G.  and Haas, B. J.  and Wu, X.  and Zheng, J.  and Reese, G. J.  and Li, Q. Q. ",
	Title="{{G}enome level analysis of rice m{R}{N}{A} 3'-end processing signals and alternative polyadenylation}",
	Journal="Nucleic Acids Res.",
	Year="2008",
	Volume="36",
	Number="9",
	Pages="3150--3161",
	Month="May"
}

% 18566288 
@Article{pmid18566288,
	Author="Sandberg, R.  and Neilson, J. R.  and Sarma, A.  and Sharp, P. A.  and Burge, C. B. ",
	Title="{{P}roliferating cells express m{R}{N}{A}s with shortened 3' untranslated regions and fewer micro{R}{N}{A} target sites}",
	Journal="Science",
	Year="2008",
	Volume="320",
	Number="5883",
	Pages="1643--1647",
	Month="Jun"
}

% 12600277 
@Article{pmid12600277,
	Author="Legendre, M.  and Gautheret, D. ",
	Title="{{S}equence determinants in human polyadenylation site selection}",
	Journal="BMC Genomics",
	Year="2003",
	Volume="4",
	Number="1",
	Pages="7",
	Month="Feb"
}

% 8867844 
@Article{pmid8867844,
	Author="Matis, S.  and Xu, Y.  and Shah, M.  and Guan, X.  and Einstein, J. R.  and Mural, R.  and Uberbacher, E. ",
	Title="{{D}etection of {R}{N}{A} polymerase {I}{I} promoters and polyadenylation sites in human {D}{N}{A} sequence}",
	Journal="Comput. Chem.",
	Year="1996",
	Volume="20",
	Number="1",
	Pages="135--140",
	Month="Mar"
}

% 9088705 
@Article{pmid9088705,
	Author="Salamov, A. A.  and Solovyev, V. V. ",
	Title="{{R}ecognition of 3'-processing sites of human m{R}{N}{A} precursors}",
	Journal="Comput. Appl. Biosci.",
	Year="1997",
	Volume="13",
	Number="1",
	Pages="23--28",
	Month="Feb"
}


% 10231571
@Article{pmid10231571,
	Author="Tabaska, J. E.  and Zhang, M. Q. ",
	Title="{{D}etection of polyadenylation signals in human {D}{N}{A} sequences}",
	Journal="Gene",
	Year="1999",
	Volume="231",
	Number="1-2",
	Pages="77--86",
	Month="Apr"
}

% 11937640
@Article{pmid11937640,
	Author="Graber, J. H.  and McAllister, G. D.  and Smith, T. F. ",
	Title="{{P}robabilistic prediction of {S}accharomyces cerevisiae m{R}{N}{A} 3'-processing sites}",
	Journal="Nucleic Acids Res.",
	Year="2002",
	Volume="30",
	Number="8",
	Pages="1851--1858",
	Month="Apr"
}

% 15247332
@Article{pmid15247332,
	Author="Hajarnavis, A.  and Korf, I.  and Durbin, R. ",
	Title="{{A} probabilistic model of 3' end formation in {C}aenorhabditis elegans}",
	Journal="Nucleic Acids Res.",
	Year="2004",
	Volume="32",
	Number="11",
	Pages="3392--3399"
}

% 15706523 
@Article{pmid15706523,
	Author="Liu, H.  and Han, H.  and Li, J.  and Wong, L. ",
	Title="{{A}n in-silico method for prediction of polyadenylation signals in human sequences}",
	Journal="Genome Inform",
	Year="2003",
	Volume="14",
	Pages="84--93"
}

% 16870936 
@Article{pmid16870936,
	Author="Cheng, Y.  and Miura, R. M.  and Tian, B. ",
	Title="{{P}rediction of m{R}{N}{A} polyadenylation sites by support vector machine}",
	Journal="Bioinformatics",
	Year="2006",
	Volume="22",
	Number="19",
	Pages="2320--2325",
	Month="Oct"
}

% 19393560
@Article{pmid19393560,
	Author="Kamasawa, M.  and Horiuchi, J. ",
	Title="{{P}rediction of non-canonical polyadenylation signals in human genomic sequences based on a novel algorithm using a fuzzy membership function}",
	Journal="J. Biosci. Bioeng.",
	Year="2009",
	Volume="107",
	Number="5",
	Pages="569--578",
	Month="May"
}

% 23616439
@Article{pmid23616439,
	Author="Kalkatawi, M.  and Rangkuti, F.  and Schramm, M.  and Jankovic, B. R.  and Kamau, A.  and Chowdhary, R.  and Archer, J. A.  and Bajic, V. B. ",
	Title="{{D}ragon {P}oly{A} {S}potter: predictor of poly({A}) motifs within human genomic {D}{N}{A} sequences}",
	Journal="Bioinformatics",
	Year="2013",
	Volume="29",
	Number="11",
	Pages="1484",
	Month="Jun"
}

22115189
@Article{pmid22115189,
	Author="Lorenz, R.  and Bernhart, S. H.  and Honer Zu Siederdissen, C.  and Tafer, H.  and Flamm, C.  and Stadler, P. F.  and Hofacker, I. L. ",
	Title="{{V}ienna{R}{N}{A} {P}ackage 2.0}",
	Journal="Algorithms Mol Biol",
	Year="2011",
	Volume="6",
	Pages="26",
	Month="Nov"
}

% 6161375 
@Article{pmid6161375,
	Author="Nussinov, R.  and Jacobson, A. B. ",
	Title="{{F}ast algorithm for predicting the secondary structure of single-stranded {R}{N}{A}}",
	Journal="Proc. Natl. Acad. Sci. U.S.A.",
	Year="1980",
	Volume="77",
	Number="11",
	Pages="6309--6313",
	Month="Nov"
}

%6163133
@Article{pmid6163133,
	Author="Zuker, M.  and Stiegler, P. ",
	Title="{{O}ptimal computer folding of large {R}{N}{A} sequences using thermodynamics and auxiliary information}",
	Journal="Nucleic Acids Res.",
	Year="1981",
	Volume="9",
	Number="1",
	Pages="133--148",
	Month="Jan"
}

% 1695107 
@Article{pmid1695107,
	Author="McCaskill, J. S. ",
	Title="{{T}he equilibrium partition function and base pair binding probabilities for {R}{N}{A} secondary structure}",
	Journal="Biopolymers",
	Year="1990",
	Volume="29",
	Number="6-7",
	Pages="1105--1119"
}

@Article{vienna,
	Author="Hofacker, I.L.  and Fontana, W.  and Stadler, P.F.  and Bonhoeffer, L.S.  and Tacker, M.  and Schuster, P.",
	Title={Fast foldingand comparison of {R}{N}{A} secondary structures},
	Journal="Monatsh Chem",
	Year="1994",
	Volume="125",
	Number="2",
	Pages="167--188",
	Month="Feb"
}

% 21388531 
@Article{pmid21388531,
	Author="Bernhart, S. H.  and Muckstein, U.  and Hofacker, I. L. ",
	Title="{{R}{N}{A} {A}ccessibility in cubic time}",
	Journal="Algorithms Mol Biol",
	Year="2011",
	Volume="6",
	Number="1",
	Pages="3",
	Month="Mar"
}

% 19304878 
@Article{pmid19304878,
	Author="Cock, P. J.  and Antao, T.  and Chang, J. T.  and Chapman, B. A.  and Cox, C. J.  and Dalke, A.  and Friedberg, I.  and Hamelryck, T.  and Kauff, F.  and Wilczynski, B.  and de Hoon, M. J. ",
	Title="{{B}iopython: freely available {P}ython tools for computational molecular biology and bioinformatics}",
	Journal="Bioinformatics",
	Year="2009",
	Volume="25",
	Number="11",
	Pages="1422--1423",
	Month="Jun"
}

% 16645853 
@Article{pmid16645853,
	Author="Chen, J. M.  and Ferec, C.  and Cooper, D. N. ",
   	Title="{{A} systematic analysis of disease-associated variants in the 3' regulatory regions of human protein-coding genes {I}: general principles and overview}",
   	Journal="Hum. Genet.",
   	Year="2006",
   	Volume="120",
   	Number="1",
   	Pages="1--21",
   	Month="Aug"
}

@article{ZADEH1965338,
	title = "Fuzzy sets",
	journal = "Information and Control",
	volume = "8",
	number = "3",
	pages = "338 - 353",
	year = "1965",
	note = "",
	issn = "0019-9958",
	doi = "http://dx.doi.org/10.1016/S0019-9958(65)90241-X",
	url = "http://www.sciencedirect.com/science/article/pii/S001999586590241X",
	author = "Zadeh, L.A."
}

@article{fuzzyvsprob,
	author = {Kosko, Bart},
	title = {FUZZINESS VS. PROBABILITY},
	journal = {International Journal of General Systems},
	volume = {17},
	number = {2-3},
	pages = {211-240},
	year = {1990}
}

% 16233088 
@Article{pmid16233088,
   Author="Noguchi, H.  and Hanai, T.  and Honda, H.  and Harrison, L. C.  and Kobayashi, T. ",
   Title="{{F}uzzy neural network-based prediction of the motif for {M}{H}{C} class {I}{I} binding peptides}",
   Journal="J. Biosci. Bioeng.",
   Year="2001",
   Volume="92",
   Number="3",
   Pages="227--231"
}

% 18397779 
@Article{pmid18397779,
   Author="Arima, C.  and Hakamada, K.  and Okamoto, M.  and Hanai, T. ",
   Title="{{M}odified fuzzy gap statistic for estimating preferable number of clusters in fuzzy k-means clustering}",
   Journal="J. Biosci. Bioeng.",
   Year="2008",
   Volume="105",
   Number="3",
   Pages="273--281",
   Month="Mar"
}

% 16952836 
@Article{pmid16952836,
   Author="Takahashi, H.  and Aoyagi, K.  and Nakanishi, Y.  and Sasaki, H.  and Yoshida, T.  and Honda, H. ",
   Title="{{C}lassification of intramural metastases and lymph node metastases of esophageal cancer from gene expression based on boosting and projective adaptive resonance theory}",
   Journal="J. Biosci. Bioeng.",
   Year="2006",
   Volume="102",
   Number="1",
   Pages="46--52",
   Month="Jul"
}

% 15304201 
@Article{pmid15304201,
   Author="Sokhansanj, B. A.  and Fitch, J. P.  and Quong, J. N.  and Quong, A. A. ",
   Title="{{L}inear fuzzy gene network models obtained from microarray data by exhaustive search}",
   Journal="BMC Bioinformatics",
   Year="2004",
   Volume="5",
   Pages="108",
   Month="Aug"
}

% 21092114 
@Article{pmid21092114,
   Author="Akhtar, M. N.  and Bukhari, S. A.  and Fazal, Z.  and Qamar, R.  and Shahmuradov, I. A. ",
   Title="{{P}{O}{L}{Y}{A}{R}, a new computer program for prediction of poly({A}) sites in human sequences}",
   Journal="BMC Genomics",
   Year="2010",
   Volume="11",
   Pages="646",
   Month="Nov"
}

% 22452843 
@Article{pmid22452843,
   Author="Wu, X.  and Brewer, G. ",
   Title="{{T}he regulation of m{R}{N}{A} stability in mammalian cells: 2.0}",
   Journal="Gene",
   Year="2012",
   Volume="500",
   Number="1",
   Pages="10--21",
   Month="May"
}

% 8801438 
@Article{pmid8801438,
   Author="Lovett, P. S.  and Rogers, E. J. ",
   Title="{{R}ibosome regulation by the nascent peptide}",
   Journal="Microbiol. Rev.",
   Year="1996",
   Volume="60",
   Number="2",
   Pages="366--385",
   Month="Jun"
}
